@inproceedings{denero2010teaching,
  title={Teaching Introductory Artificial Intelligence with Pac-Man},
  author={DeNero, John and Klein, Dan},
  booktitle={First AAAI Symposium on Educational Advances in Artificial Intelligence},
  year={2010}
}
